<collection xmlns="http://www.loc.gov/MARC21/slim">
<record>
  <leader>01194nam0a22002411i 450 </leader>
  <controlfield tag="001">IT\ICCU\CNCE\061444</controlfield>
  <controlfield tag="005">20151209000000.0</controlfield>
  <datafield tag="100" ind1=" " ind2=" ">
    <subfield code="a">20050926f1572        0itac0103    ba</subfield>
  </datafield>
  <datafield tag="101" ind1=" " ind2=" ">
    <subfield code="a">ITA</subfield>
  </datafield>
  <datafield tag="102" ind1=" " ind2=" ">
    <subfield code="a">IT</subfield>
  </datafield>
  <datafield tag="200" ind1="1" ind2=" ">
    <subfield code="a">Vltimo et vero raguaglio di tutto il successo auuenuto in Parigi contra l&apos;armiraglio, &amp; suoi seguaci Vgonotti, doue si ha particulare et uero auuiso della morte di detto armiraglio et suoi seguaci, con la tottale ruina di tutti li Vgonotti, con molti altri particolari ultimamente uenuti, come leggendo uedrete</subfield>
  </datafield>
  <datafield tag="210" ind1=" " ind2=" ">
    <subfield code="d">\1572?!</subfield>
    <subfield code="e">In Roma</subfield>
    <subfield code="g">per Gio. Osmarino Gilioto</subfield>
  </datafield>
  <datafield tag="215" ind1=" " ind2=" ">
    <subfield code="a">\4! c.</subfield>
    <subfield code="d">8ʻ</subfield>
  </datafield>
  <datafield tag="300" ind1=" " ind2=" ">
    <subfield code="a">La data si ricava dal testo</subfield>
  </datafield>
  <datafield tag="620" ind1=" " ind2=" ">
    <subfield code="a">IT</subfield>
    <subfield code="d">Roma</subfield>
  </datafield>
  <datafield tag="712" ind1="0" ind2="0">
    <subfield code="a">Gigliotti, Giovanni</subfield>
    <subfield code="3">IT\ICCU\CNCT\000349</subfield>
    <subfield code="4">650</subfield>
  </datafield>
  <datafield tag="791" ind1="0" ind2="0">
    <subfield code="a">Osmarino, Giovanni</subfield>
    <subfield code="3">IT\ICCU\CNCT\002812</subfield>
    <subfield code="z">Gigliotti, Giovanni</subfield>
  </datafield>
  <datafield tag="791" ind1="0" ind2="0">
    <subfield code="a">Liliotus, Ioannes</subfield>
    <subfield code="3">IT\ICCU\CNCT\003841</subfield>
    <subfield code="z">Gigliotti, Giovanni</subfield>
  </datafield>
  <datafield tag="791" ind1="0" ind2="0">
    <subfield code="a">Osmarinus, Ioannes</subfield>
    <subfield code="3">IT\ICCU\CNCT\004878</subfield>
    <subfield code="z">Gigliotti, Giovanni</subfield>
  </datafield>
  <datafield tag="791" ind1="0" ind2="0">
    <subfield code="a">Gigliotto, Giovanni</subfield>
    <subfield code="3">IT\ICCU\CNCT\004880</subfield>
    <subfield code="z">Gigliotti, Giovanni</subfield>
  </datafield>
  <datafield tag="801" ind1=" " ind2="3">
    <subfield code="a">IT</subfield>
    <subfield code="b">ICCU</subfield>
    <subfield code="c">20201115</subfield>
  </datafield>
  <datafield tag="899" ind1=" " ind2=" ">
    <subfield code="a">Biblioteca Vallicelliana. Roma</subfield>
    <subfield code="1">RM0281</subfield>
    <subfield code="2">RML 08</subfield>
  </datafield>
  <datafield tag="899" ind1=" " ind2=" ">
    <subfield code="a">Biblioteca Arcivescovile. Udine</subfield>
    <subfield code="1">UD0100</subfield>
    <subfield code="2">ZUD 11</subfield>
  </datafield>
</record>
</collection>
